@TECHREPORT{burrowswheeler1994bwt,
    author = {Burrows, Michael and Wheeler, David J},
    title = {A Block-Sorting Lossless Data Compression Algorithm},
    institution = {Digital SRC Research Report},
    year = {1994}
}

@inproceedings{chapin1998sort,
  title={Higher Compression from the Burrows-Wheeler Transform by Modified Sorting.},
  author={Chapin, Brenton and Tate, Stephen R},
  booktitle={Data Compression Conference},
  pages={532},
  year={1998}
}

@inproceedings{chapin2000switching,
  title={Switching between two on-line list update algorithms for higher compression of Burrows-Wheeler transformed data},
  author={Chapin, Brenton},
  booktitle={Data Compression Conference, 2000. Proceedings.},
  pages={183--192},
  year={2000},
  organization={IEEE}
}

@phdthesis{chapin2001diss,
  title={Higher compression from the burrows-wheeler transform with new algorithms for the list update problem},
  author={Chapin, Brenton},
  year={2001},
  school={University of North Texas}
}

@inproceedings{wirth2001ranks,
  title={Can we do without ranks in Burrows Wheeler transform compression?},
  author={Wirth, Anthony Ian and Moffat, Alistair},
  booktitle={Data Compression Conference, 2001. Proceedings.},
  pages={419--428},
  year={2001},
  organization={IEEE}
}

@article{bitner1979heuristics,
  title={Heuristics that dynamically organize data structures},
  author={Bitner, James R},
  journal={SIAM Journal on Computing},
  volume={8},
  number={1},
  pages={82--110},
  year={1979},
  publisher={SIAM}
}

@article{helsgaun2000lkh,
  title={An effective implementation of the Lin--Kernighan traveling salesman heuristic},
  author={Helsgaun, Keld},
  journal={European Journal of Operational Research},
  volume={126},
  number={1},
  pages={106--130},
  year={2000},
  publisher={Elsevier}
}

@article{reinelt1991tsplib,
  title={TSPLIBâ€”A traveling salesman problem library},
  author={Reinelt, Gerhard},
  journal={ORSA Journal on Computing},
  volume={3},
  number={4},
  pages={376--384},
  year={1991},
  publisher={INFORMS}
}

@techreport{fenwick1996block,
  title={Block sorting text compression--final report},
  author={Fenwick, Peter},
  year={1996},
  institution={Department of Computer Science, The University of Auckland, New Zealand}
}

@inproceedings{gagie2007listupdate,
  title={Move-to-front, distance coding, and inversion frequencies revisited},
  author={Gagie, Travis and Manzini, Giovanni},
  booktitle={Combinatorial Pattern Matching},
  pages={71--82},
  year={2007},
  organization={Springer}
}
